@techreport{pagerank_eigenvector,
	number = {1999-31},
	type = {Technical Report},
	title = {Efficient Computation of PageRank},
	author = {Taher Haveliwala},
	publisher = {Stanford},
	year = {1999},
	institution = {Stanford InfoLab},
	keywords = {PageRank, search engine, link structure},
	url = {http://ilpubs.stanford.edu:8090/386/},
	urldate = {2021-02-09}
}